@article{nomefacil1,
  title={Um grande artigo sobre nada},
  author={Doe, John},
  journal={International Journal of Nonsense},
  year={1999}
}

@article{nomefacil2,
  title={Mais do mesmo},
  author={Joe, Average},
  journal={Notas sobre o nada},
  year={2023}
}